<?xml version="1.0" encoding="UTF-8"?><collection xmlns="http://www.loc.gov/MARC21/slim"><record><leader>00821nam--2200217-u-4500</leader><controlfield tag="001">000053149</controlfield><controlfield tag="002">20161230</controlfield><controlfield tag="005">20161230201051</controlfield><controlfield tag="008">110107s1000------------r-----000-0-eng-d</controlfield><datafield ind1=" " ind2=" " tag="020"><subfield code="a">9810247338</subfield></datafield><datafield ind1=" " ind2=" " tag="040"><subfield code="a">IFIN-HH</subfield></datafield><datafield ind1=" " ind2=" " tag="080"><subfield code="a">539.186:533.9(063)</subfield></datafield><datafield ind1="1" ind2=" " tag="100"><subfield code="a">Bonsignori, Giovanni C</subfield></datafield><datafield ind1="1" ind2="0" tag="245"><subfield code="a">Proceedings of the conference: bologna 2000 structure of the nucleus at the dawn of the century, bologna, italy, 29 may - 3 june 2000</subfield><subfield code="c">GIVANNI C. BONSIGNORI; MAURO BRUNO; ALBERTO VENTURA; DARIO VRETENAR (Eds.)</subfield></datafield><datafield ind1=" " ind2=" " tag="260"><subfield code="a">New Jersey</subfield><subfield code="b">World Scientific</subfield><subfield code="c">2001</subfield></datafield><datafield ind1=" " ind2=" " tag="300"><subfield code="a">3 VOLUMES</subfield></datafield><datafield ind1=" " ind2=" " tag="490"><subfield code="a">The Science And Culture Series - Advanced Scientific Culture</subfield></datafield><datafield ind1="1" ind2=" " tag="700"><subfield code="a">Vretenar, Dario</subfield><subfield code="e">Ed</subfield></datafield><datafield ind1="0" ind2=" " tag="787"><subfield code="a">Vol. 3</subfield><subfield code="h">499p</subfield><subfield code="t">Hardons, Nuclei And Applications</subfield></datafield><datafield ind1=" " ind2=" " tag="852"><subfield code="a">81578</subfield><subfield code="b">539.14</subfield></datafield><datafield ind1=" " ind2=" " tag="CAT"><subfield code="a">Sys</subfield><subfield code="c">20120417</subfield><subfield code="h">104050</subfield></datafield></record></collection>